@techreport{russel2002packet,
  author = {Rusty Russell},
  month = jun,
  year = {2002},
  title = {{Linux 2.4 Packet Filtering HOWTO}},
  note = {\url{http://netfilter.org/documentation/HOWTO/packet-filtering-HOWTO.html}},
}

@techreport{latex-wikibook,
  author = {Wikibooks},
  title = {{LaTex}}, 
  note = {\url{http://en.wikibooks.org/wiki/LaTeX}}
}

